% Encoding: UTF-8

@Book{Suffern,
  title     = {Ray Tracing from the Ground Up},
  publisher = {A. K. Peters, Ltd.},
  year      = {2007},
  author    = {Suffern, Kevin},
  address   = {USA},
  isbn      = {1568812728},
}

@Book{Glassner,
  title     = {An Introduction to Ray Tracing},
  publisher = {Academic Press Ltd.},
  year      = {1989},
  editor    = {Glassner, Andrew S.},
  address   = {GBR},
  isbn      = {0122861604},
}

@Misc{shirley,
  author  = {Shirley, Peter},
  title   = {Ray Tracing in One Weekend-The Book Series},
  journal = {Ray Tracing in One Weekend Series},
  url     = {raytracing.github.io},
}

@Comment{jabref-meta: databaseType:bibtex;}
